<?xml version="1.0" encoding="UTF-8"?><record xmlns="http://www.loc.gov/MARC21/slim" xmlns:cinclude="http://apache.org/cocoon/include/1.0" xmlns:zs="http://www.loc.gov/zing/srw/">
  <leader>00540nz  a2200145n  4500</leader>
  <controlfield tag="001">n  93021227 </controlfield>
  <controlfield tag="003">DLC</controlfield>
  <controlfield tag="005">19930308091556.4</controlfield>
  <controlfield tag="008">930308n| acannaab|          |a aaa |||  </controlfield>
  <datafield tag="010" ind1=" " ind2=" ">
    <subfield code="a">n  93021227 </subfield>
  </datafield>
  <datafield tag="040" ind1=" " ind2=" ">
    <subfield code="a">DLC</subfield>
    <subfield code="c">DLC</subfield>
  </datafield>
  <datafield tag="100" ind1="1" ind2="0">
    <subfield code="a">Williams, Brian,</subfield>
    <subfield code="d">1945-</subfield>
  </datafield>
  <datafield tag="400" ind1="1" ind2="0">
    <subfield code="a">Williams, B. G.</subfield>
    <subfield code="q">(Brian G.),</subfield>
    <subfield code="d">1945-</subfield>
  </datafield>
  <datafield tag="670" ind1=" " ind2=" ">
    <subfield code="a">His Biostatistics, 1993:</subfield>
    <subfield code="b">CIP t.p. (Brian Williams, Dept. of Epidemiology, London School of Hygiene and Tropical Medicine, UK) data sht. (William, B.G.)</subfield>
  </datafield>
  <datafield tag="670" ind1=" " ind2=" ">
    <subfield code="a">Phone call to pub., 03-05-93</subfield>
    <subfield code="b">(Brian Williams, b. 10-19-45)</subfield>
  </datafield>
</record>